<?xml version="1.0" encoding="UTF-8"?>
<SOAP-ENV:Envelope xmlns:SOAP-ENV="http://schemas.xmlsoap.org/soap/envelope/" xmlns:mx="http://www.loc.gov/MARC21/slim" xmlns:of="http://oss.dbc.dk/ns/openformat"><SOAP-ENV:Body><of:formatResponse><marc21><mx:record format="MARC21" type="Bibliographic"><mx:leader>00000ngm a22000000c 4500</mx:leader><mx:controlfield tag="007">vd||v||||</mx:controlfield><mx:controlfield tag="008">120410s2012    sw |||| |||||  |||v|spa|d</mx:controlfield><mx:datafield ind1="8" ind2=" " tag="024"><mx:subfield code="a">7391970040664</mx:subfield></mx:datafield><mx:datafield ind1="1" ind2=" " tag="029"><mx:subfield code="a">DKDLA</mx:subfield><mx:subfield code="b">870970-basis:29320071</mx:subfield></mx:datafield><mx:datafield ind1=" " ind2=" " tag="040"><mx:subfield code="a">DKDLA</mx:subfield><mx:subfield code="b">dan</mx:subfield><mx:subfield code="c">DKDLA</mx:subfield></mx:datafield><mx:datafield ind1="1" ind2=" " tag="041"><mx:subfield code="a">spa</mx:subfield><mx:subfield code="j">swe</mx:subfield><mx:subfield code="j">nor</mx:subfield><mx:subfield code="j">dan</mx:subfield><mx:subfield code="j">fin</mx:subfield></mx:datafield><mx:datafield ind1=" " ind2=" " tag="049"><mx:subfield code="a">DK-190101</mx:subfield></mx:datafield><mx:datafield ind1=" " ind2=" " tag="084"><mx:subfield code="a">77.7</mx:subfield><mx:subfield code="2">z</mx:subfield></mx:datafield><mx:datafield ind1="0" ind2="0" tag="245"><mx:subfield code="a">También la lluvia</mx:subfield><mx:subfield code="h">[videooptagelse] /</mx:subfield><mx:subfield code="c">director de fotografía Alex Catalán ; escrita por Paul Laverty ; dirigida por Iciar Bollain ; producida por Juan Gordon</mx:subfield></mx:datafield><mx:datafield ind1=" " ind2=" " tag="260"><mx:subfield code="a">[Stockholm] :</mx:subfield><mx:subfield code="b">Pan Vision,</mx:subfield><mx:subfield code="c">2012</mx:subfield></mx:datafield><mx:datafield ind1=" " ind2=" " tag="300"><mx:subfield code="a">1 dvd-video (ca. 103 min.)</mx:subfield></mx:datafield><mx:datafield ind1=" " ind2=" " tag="500"><mx:subfield code="a">Titel på dvd-etiket og omslag: Even the rain</mx:subfield></mx:datafield><mx:datafield ind1=" " ind2=" " tag="500"><mx:subfield code="a">Medvirkende: Luis Tosar, Gael García Bernal, Juan Carlos Aduviri, Karra Elcjalde, Raúl Arévalo, Carlos Santos, Cassandra Ciaguerotti ... et al.</mx:subfield></mx:datafield><mx:datafield ind1=" " ind2=" " tag="500"><mx:subfield code="a">Originalfilmen: Spanien : Morena Films : en coproducción con Vaca Films ; Frankrig : Mandarin Cinema ; Mexico : Alebrije Cine y Video ... et al., 2010</mx:subfield></mx:datafield><mx:datafield ind1=" " ind2=" " tag="500"><mx:subfield code="a">D 5900073</mx:subfield></mx:datafield><mx:datafield ind1="2" ind2=" " tag="505"><mx:subfield code="a">Af indholdet: Extras</mx:subfield></mx:datafield><mx:datafield ind1="8" ind2=" " tag="520"><mx:subfield code="a">Bolivia år 2000. Indianeren Daniel får en rolle i en film om Columbus, men er samtidig involveret i en protestbevægelse, så han fængsles og prygles af regeringssoldater. Filmholdet får købt ham fri, men må opgive projektet, og har nu et ansvar for Daniel og hans familie</mx:subfield></mx:datafield><mx:datafield ind1="8" ind2=" " tag="521"><mx:subfield code="a">Mærkning: Tilladt for børn over 15 år</mx:subfield></mx:datafield><mx:datafield ind1=" " ind2=" " tag="546"><mx:subfield code="a">Spansk tale</mx:subfield></mx:datafield><mx:datafield ind1=" " ind2=" " tag="546"><mx:subfield code="a">Undertekster på svensk, norsk, dansk og finsk</mx:subfield></mx:datafield><mx:datafield ind1=" " ind2="7" tag="650"><mx:subfield code="a">drama</mx:subfield><mx:subfield code="2">z</mx:subfield></mx:datafield><mx:datafield ind1=" " ind2="7" tag="650"><mx:subfield code="a">indianere</mx:subfield><mx:subfield code="2">z</mx:subfield></mx:datafield><mx:datafield ind1=" " ind2="7" tag="650"><mx:subfield code="a">korruption</mx:subfield><mx:subfield code="2">z</mx:subfield></mx:datafield><mx:datafield ind1=" " ind2="7" tag="650"><mx:subfield code="a">magtmisbrug</mx:subfield><mx:subfield code="2">z</mx:subfield></mx:datafield><mx:datafield ind1=" " ind2="7" tag="650"><mx:subfield code="a">drikkevand</mx:subfield><mx:subfield code="2">z</mx:subfield></mx:datafield><mx:datafield ind1=" " ind2="7" tag="651"><mx:subfield code="a">Bolivia</mx:subfield><mx:subfield code="2">z</mx:subfield></mx:datafield><mx:datafield ind1="1" ind2=" " tag="700"><mx:subfield code="a">Catalán, Alex</mx:subfield></mx:datafield><mx:datafield ind1="1" ind2=" " tag="700"><mx:subfield code="a">Bollaín, Iciar</mx:subfield></mx:datafield><mx:datafield ind1="1" ind2=" " tag="700"><mx:subfield code="a">Laverty, Paul</mx:subfield></mx:datafield><mx:datafield ind1=" " ind2=" " tag="901"><mx:subfield code="a">791</mx:subfield></mx:datafield></mx:record><hs activity="insert">DKDLA</hs></marc21></of:formatResponse></SOAP-ENV:Body></SOAP-ENV:Envelope>
